@Article{np:mayhew,
title = "A review of recent methods for efficiently quantifying immunogold and other nanoparticles using \{TEM\} sections through cells, tissues and organs ",
journal = "Annals of Anatomy - Anatomischer Anzeiger ",
volume = "191",
number = "2",
pages = "153 - 170",
year = "2009",
note = "",
issn = "0940-9602",
doi = "http://dx.doi.org/10.1016/j.aanat.2008.11.001",
url = "http://www.sciencedirect.com/science/article/pii/S094096020800157X",
author = "Terry M. Mayhew and Christian Mühlfeld and Dimitri Vanhecke and Matthias Ochs"
}

@Article{np:ostrowski,
author="Anja Ostrowski and Daniel Nordmeyer and Alexander Boreham and Cornelia Holzhausen and Lars Mundhenk and Christina Graf and Martina C. Meinke and Annika Vogt and Sabrina Hadam and Jürgen Lademann and Eckart Rühl and Ulrike Alexiev and Achim D. Gruber",
title="Overview about the localization of nanoparticles in tissue and cellular context by different imaging techniques",
journal="Beilstein Journal of Nanotechnology",
year="2015",
volume="6",
pages="263-280",
issn="2190-4286",
doi="10.3762/bjnano.6.25",
copyright="Ostrowski et al; licensee Beilstein-Institut.",
}

@Article{np:norma,
  author={},
  title={},
  journal={ISO TS 27687. Nanotechnologies—Terminology and Definitions for Nano-Objects—Nanoparticle, Nanofibre,
and Nanoplate},
  volume={},
  number={},
  pages={},
  url={},
  year={2008},
  abstract={}
}

@Article{np:tem,
	author={},
  title={Transmission Electron Microscopy Analysis of Nanoparticles},
  journal={},
  volume={1.1},
  number={},
  pages={},
  url={http://cdn.shopify.com/s/files/1/0257/8237/files/nanoComposix_Guidelines_for_TEM_Analysis.pdf?13692},
  year={2012},
  abstract={}
}

@Article{np:coloc,
title = "Clustering and colocalization in transmission immunoelectron microscopy: A brief review ",
journal = "Micron ",
volume = "39",
number = "1",
pages = "1 - 6",
year = "2008",
note = "",
issn = "0968-4328",
doi = "http://dx.doi.org/10.1016/j.micron.2007.09.005",
url = "http://www.sciencedirect.com/science/article/pii/S0968432807001400",
author = "Fabio D’Amico and Evangelia Skarmoutsou",
keywords = "Immunoelectron microscopy",
keywords = "Quantitation",
keywords = "Stereology",
keywords = "Clustering",
keywords = "Colocalization",
keywords = "Point pattern analysis "
}

@book{book:pattern_class,
 author = {Duda, Richard O. and Hart, Peter E. and Stork, David G.},
 title = {Pattern Classification (2Nd Edition)},
 year = {2000},
 isbn = {0471056693},
 publisher = {Wiley-Interscience},
} 

@Misc{nb:platform,
 author = {Oracle},
  title = {Netbeans platform},
  note = {"\verb|https://netbeans.org/features/platform/index.html|"}
 }
 
@Book{nb:guide,
 author = {Bck, Heiko},
 title = {The Definitive Guide to NetBeans Platform 7},
 year = {2011},
 isbn = {1430241012, 9781430241010},
 edition = {1st},
 publisher = {Apress},
 address = {Berkely, CA, USA}
}

@Book{nb:begin,
 author = {Jason Wexbridge and Walter Nyland},
 title = {Netbeans Palatform for Beginners},
 year = {2014},
 edition = {1st},
 publisher = {Leanpub},
 address = {Berkely, CA, USA}
}

@book{np:intro,
  title={Microwaves in nanoparticle synthesis: fundamentals and applications},
  author={Horikoshi, Satoshi and Serpone, Nick},
  year={2013},
  publisher={John Wiley \& Sons}
}

@Misc{sw:zeiis, 
title = {ZEN Digital Imaging for Light Microscopy},
note = {"\verb|http://www.zeiss.com/microscopy/en_de/products/microscope-software/zen.html|"}
}

@Misc{sw:laboratory,
author = {Laboratory Imaging},
title = {Systémy analýzy obrazu},
note = {"\verb|http://www.limaging.cz/cs/front-page|"}
}

@article{art:wahlby,
  title={Combining intensity, edge and shape information for 2D and 3D segmentation of cell nuclei in tissue sections},
  author={W{\"a}hlby, Carolina and SINTORN, I-M and Erlandsson, Fredrik and Borgefors, Gunilla and Bengtsson, Ewert},
  journal={Journal of Microscopy},
  volume={215},
  number={1},
  pages={67--76},
  year={2004},
  publisher={Wiley Online Library}
}

@article{art:ultimate,
author = { Chiwoo Park and J. Z. Huang and J. X. Ji and  Yu Ding},
title = {Segmentation, Inference and Classification of Partially Overlapping Nanoparticles},
journal ={IEEE Transactions on Pattern Analysis and Machine Intelligence},
volume = {35},
number = {3},
issn = {0162-8828},
year = {2013},
pages = {1},
doi = {http://doi.ieeecomputersociety.org/10.1109/TPAMI.2012.163},
publisher = {IEEE Computer Society},
address = {Los Alamitos, CA, USA},
}

@book{book:imgproc_gonzalez,
 author = {Gonzalez, Rafael C. and Woods, Richard E.},
 title = {Digital Image Processing (3rd Edition)},
 year = {2006},
 isbn = {013168728X},
 publisher = {Prentice-Hall, Inc.},
 address = {Upper Saddle River, NJ, USA}
}

@article{art:sahoo88,
 author = {Sahoo, P. K. and Soltani, S. and Wong, A. K.C. and Chen, Y. C.},
 title = {A Survey of Thresholding Techniques},
 journal = {Comput. Vision Graph. Image Process.},
 issue_date = {Feb, 1988},
 volume = {41},
 number = {2},
 month = feb,
 year = {1988},
 issn = {0734-189X},
 pages = {233--260},
 numpages = {28},
 url = {http://dx.doi.org/10.1016/0734-189X(88)90022-9},
 doi = {10.1016/0734-189X(88)90022-9},
 acmid = {46079},
 publisher = {Academic Press Professional, Inc.},
 address = {San Diego, CA, USA}
}

@article{art:watershed1,
author = {Malpica, N. and de Solo´rzano, C. and Vaquero, J. and Santos, A. and Vallcorba, I., Garcı´a-Sagredo, J. and del Pozo, F.},
title = {Applying Watershed Algorithms to the Segmentation of Clustered Nuclei},
journal = {Cytometry Part A},
volume = {28},
number = {4},
pages = {289-297},
year = {1997}
}
@article{art:watershed2,
author = {F. Tek, A. Dempster, and I. Kale}, 
title = {Blood Cell Segmentation Using Minimum Area Watershed and Circle Radon Transformations},
journal = {Math. Morphology: 40 Years On},
volume = {30},
pages = {441-454},
year = {2005}
}

@article{art:watershed3,
author = {P. Umesh Adiga and B. Chaudhuri},
title = {An Efficient Method Based on Watershed and Rule-Based Merging for Segmentation of 3-D Histo-Pathological Images},
journal = {Pattern Recognition},
volume = {34},
number = {7},
pages = {1449-1458},
year = {2001}
}

@online{opencv:watertut,
title = {Image segmentation with wattershed algorithm},
author = {Alexander Mordvintsev & Abid K.},
year = {2014},
cited = {8.\,5.\,2015},
url = {http://opencv-python-tutroals.readthedocs.org/en/latest/py_tutorials/py_imgproc/py_watershed/py_watershed.html}
}
@article{art:grabcut1,
author = {J. Shi and J. Malik},
title = {Normalized Cuts and Image Segmentation},
journal = {IEEE Trans. Pattern Analysis and Machine Intelligence},
volume = {22},
number =  {8},
pages ={888-905},
year = {2000}
}

@article{art:active_contours1,
author = {P. Bamford and B. Lovell},
title  = {Unsupervised Cell Nucleus Segmentation with Active Contours},
journal = {Signal Processing},
volume =  {71},
number = {2},
pages = {203-213},
year = {1998}
}

@article{art:active_contours2,
author = {S. Nath, K. Palaniappan, and F. Bunyak},
title = {Cell Segmentation Using Coupled Level Sets and Graph-Vertex Coloring},
journal = {Proc. Ninth Int’l Conf. Image Computing and Computer-Assisted Intervention},
pages ={101-108},
year = {2006}
}


@online{on:adaptive,
title = {Adaptive thresholding},
author = {R. Fisher, S. Perkins, A. Walker and E. Wolfart.},
year = {2003},
cited = {8.\,5.\,2015},
url = {http://homepages.inf.ed.ac.uk/rbf/HIPR2/adpthrsh.htm}
}

@article{suzuki85,
  author = {Suzuki, Satoshi and Abe, Keiichi},
  biburl = {http://www.bibsonomy.org/bibtex/2ad5f28891fb63752f5c5b739a8dcfc2d/dblp},
  journal = {Computer Vision, Graphics, and Image Processing},
  number = {1},
  pages = {32-46},
  title = {Topological structural analysis of digitized binary images by border following},
  volume = {30},
  year = {1985}
}

@article{hu62,
  author = {Hu, Ming-Kuei},
  issn = {0096-1000},
  journal = {Information Theory, IRE Transactions on},
  month = {February},
  number = 2,
  pages = {179-187},
  title = {Visual pattern recognition by moment invariants},
  volume = {8},
  year = {1962}
}

@article{flusser2000,
  address = {New York, NY, USA},
  author = {Flusser, Jan},
  journal = {Pattern Recognition ({PR})},
  number = {9},
  owner = {CK},
  pages = {1405-1410},
  publisher = {Elsevier Science Inc.},
  title = {On the independence of rotation moment invariants},
  url = {http://library.utia.cas.cz/prace/20000033.pdf},
  volume = {33},
  year = {2000}
}

@article{art:mcfarland,
author = {A. McFarland and R. Van Duyne},
title = {Single Silver Nanoparticles as Real-Time Optical Sensors with Zeptomole Sensitivity},
journal = {Nano Letters},
volume = {3},
number = {8},
pages = {1057-1062}, 
year = {2003}
}

@article{art:glotov,
author = {O. Glotov},
title =  {Image Processing of the Fractal Aggregates Composed of Nanoparticles},
journal = {Russian J. Physical Chemistry A, Focus on Chemistry},
volume = {82},
number = {13},
pages = {2213-2218},
year = {2008}
}

@article{art:chen,
author = {L.C. Chen and C.C. Ho},
title =  {Development of Nanoparticle Shape Measurement and Analysis for Process Characterization of TiO2 Nanoparticle Synthesis},
journal = {Advanced Material Science},
volume =  {18},
number = {8},
pages = {677-684},
year = {2008}
}

@article{art:objrec2d,
author = {Arshbrook, A. and Thacker, N.A.},
title = {Tutorial: Algorithms For 2-Dimensional Object Recognition.},
year = {1998},
url = {http://www.tina-vision.net/docs/memos/1996-003.pdf}
}

@online{on:shlukovani,
author={Kelbel Jan and Šilhán, David},
title = {Shluková analýza},
url = {http://www.fd.cvut.cz/personal/nagyivan/Projekty/Classification/ShlukovaAnalyza.pdf}
}

@online{on:shlukovani_java,
author = {Lars Behenke},
title = {Hierarchical clustering Java},
url = {https://github.com/lbehnke/hierarchical-clustering-java}
}

@misc{json,
title = {Json},
note = {[sofware]},
url = {http://www.json.org/}
}

@article{art:np_convex,
author = {M. Wortis},
title = {Chemistry and Physics of Solid Surfaces},
publisher = {Springer-Verlag},
year = {1988}
}